%% This BibTeX bibliography file was created using BibDesk.
%% http://bibdesk.sourceforge.net/


%% Created for Stephen Makonin at 2012-08-01 18:51:18 -0700 


%% Saved with string encoding Unicode (UTF-8) 



@article{makonin2011hoa,
	Author = {Makonin, S. and Popowich, F.},
	Date-Added = {2012-08-02 01:51:16 +0000},
	Date-Modified = {2012-08-02 01:51:16 +0000},
	Journal = {Toward Useful Services for Elderly and People with Disabilities},
	Pages = {236--240},
	Publisher = {Springer},
	Read = {1},
	Title = {An intelligent agent for determining home occupancy using power monitors and light sensors},
	Year = {2011}}

@article{makonin2012hoa,
	Author = {Stephen Makonin and Fred Popowich},
	Date-Added = {2012-08-02 01:51:16 +0000},
	Date-Modified = {2012-08-02 01:51:16 +0000},
	Journal = {GSTF Journal on Computing},
	Number = {1},
	Pages = {182--186},
	Read = {1},
	Title = {{Home Occupancy Agent: Occupancy and Sleep Detection}},
	Volume = {2},
	Year = {2012}}
